<?xml version="1.0" encoding="UTF-8"?><collection xmlns="http://www.loc.gov/MARC21/slim"><record><leader>00471nam--2200133-i-4500</leader><controlfield tag="001">000041370</controlfield><controlfield tag="002">20161230</controlfield><controlfield tag="005">20161230201043</controlfield><controlfield tag="008">060222s1000------------r-----000-0-eng-d</controlfield><datafield ind1=" " ind2=" " tag="100"><subfield code="a">Seith, W., Ruthardt, K</subfield></datafield><datafield ind1=" " ind2=" " tag="245"><subfield code="a">Chemische spektralanalyse. eine anleitung zur erlernung und ausfuhrung von spektralanalysen im chemischen laboratorium</subfield></datafield><datafield ind1=" " ind2=" " tag="260"><subfield code="a">Berlin, Julius Rpinger, 1938, Vi+103p.+1f.Pl</subfield></datafield><datafield ind1=" " ind2=" " tag="490"><subfield code="a">Anleitungen Fur Die Chimische Laboratoriums Praxis</subfield></datafield><datafield ind1=" " ind2=" " tag="852"><subfield code="a">576</subfield></datafield></record></collection>